@inproceedings{bansal2014framework,
	title={\textbf{A framework for performance analysis and tuning in hadoop based clusters}},
	author={Bansal, Garvit and Gupta, Anshul and Pyne, Utkarsh and Singhal, Manish and Banerjee, Subhasis},
	booktitle={Smarter Planet and Big Data Analytics Workshop (SPBDA 2014), held in conjunction with International Conference on Distributed Computing and Networking (ICDCN 2014), Coimbatore, INDIA},
	year={2014},
	pdflink={http://www.iiitd.edu.in/~spbda2014/papers/spbda2014_submission_4_GarvitBansal.pdf}
}

@inproceedings{apte2017autoperf,
	title={\textbf{AutoPerf: Automated load testing and resource usage profiling of multi-tier internet applications}},
	author={Apte, Varsha and Viswanath, TVS and Gawali, Devidas and Kommireddy, Akhilesh and Gupta, Anshul},
	booktitle={Proceedings of the 8th ACM/SPEC on International Conference on Performance Engineering},
	pages={115--126},
	year={2017},
	pdflink={https://research.spec.org/icpe_proceedings/2017/proceedings/p115.pdf}
}

@article{casanova2015toward,
	title={\textbf{Toward more scalable off-line simulations of MPI applications}},
	author={Casanova, Henri and Gupta, Anshul and Suter, Fr{\'e}d{\'e}ric},
	journal={Parallel Processing Letters},
	volume={25},
	number={03},
	pages={1541002},
	year={2015},
	publisher={World Scientific},
	pdflink={https://hal.inria.fr/hal-01232787/document}
}
